<record><leader>00000cas a22000007a 4500</leader><controlfield tag="001">12595274</controlfield><controlfield tag="008">850924d19201920paudn ne      0    0eng d</controlfield><datafield ind1=" " ind2=" " tag="010"><subfield code="a">sn 85055267 </subfield></datafield><datafield ind1=" " ind2=" " tag="040"><subfield code="a">NPH</subfield><subfield code="b">eng</subfield><subfield code="c">NPH</subfield><subfield code="d">OCLCQ</subfield></datafield><datafield ind1=" " ind2=" " tag="042"><subfield code="a">msc</subfield></datafield><datafield ind1="0" ind2="0" tag="245"><subfield code="a">Times tribune.</subfield></datafield><datafield ind1=" " ind2=" " tag="260"><subfield code="a">Altoona, Pa. :</subfield><subfield code="b">Times Tribune Co.,</subfield><subfield code="c">1920.</subfield></datafield><datafield ind1=" " ind2=" " tag="300"><subfield code="a">1 v. :</subfield><subfield code="b">ill.</subfield></datafield><datafield ind1=" " ind2=" " tag="310"><subfield code="a">Daily (except Sun.)</subfield></datafield><datafield ind1="0" ind2=" " tag="362"><subfield code="a">Oct. 13, 1920-Dec. 30, 1920.</subfield></datafield><datafield ind1=" " ind2=" " tag="580"><subfield code="a">Labor news (Altoona, Pa.) published as a page of Times tribune, Oct. 13-Dec. 30, 1920.</subfield></datafield><datafield ind1=" " ind2=" " tag="752"><subfield code="a">United States</subfield><subfield code="b">Pennsylvania</subfield><subfield code="c">Blair</subfield><subfield code="d">Altoona.</subfield></datafield><datafield ind1="0" ind2="0" tag="780"><subfield code="t">Altoona times tribune</subfield><subfield code="w">(OCoLC)12595339</subfield></datafield><datafield ind1="0" ind2="0" tag="785"><subfield code="t">Altoona tribune and Altoona times</subfield><subfield code="w">(OCoLC)12574848</subfield></datafield><datafield ind1="1" ind2=" " tag="787"><subfield code="t">Labor news (Altoona, Pa.)</subfield><subfield code="w">(OCoLC)12609577</subfield></datafield></record>